@article{baker08,
    author  = "Matthew Baker",
    title   = "Specialization of Linear Systems from Curves to Graphs",
    year    = "2008",
    journal = "Algebra Number Theory",
    volume  = "2(6)",
    pages   = "613-653"
}
